%YAML 1.1
%TAG !u! tag:unity3d.com,2011:
--- !u!1 &1174467424321542472
GameObject:
  m_ObjectHideFlags: 0
  m_CorrespondingSourceObject: {fileID: 0}
  m_PrefabInstance: {fileID: 0}
  m_PrefabAsset: {fileID: 0}
  serializedVersion: 6
  m_Component:
  - component: {fileID: 6927812678107794867}
  - component: {fileID: 141787852591848547}
  - component: {fileID: 4545337096446719941}
  - component: {fileID: 8542580898551841383}
  - component: {fileID: 6210283819507096101}
  m_Layer: 5
  m_Name: '[GUIGame]'
  m_TagString: Untagged
  m_Icon: {fileID: 0}
  m_NavMeshLayer: 0
  m_StaticEditorFlags: 0
  m_IsActive: 1
--- !u!224 &6927812678107794867
RectTransform:
  m_ObjectHideFlags: 0
  m_CorrespondingSourceObject: {fileID: 0}
  m_PrefabInstance: {fileID: 0}
  m_PrefabAsset: {fileID: 0}
  m_GameObject: {fileID: 1174467424321542472}
  m_LocalRotation: {x: 0, y: 0, z: 0, w: 1}
  m_LocalPosition: {x: 0, y: 0, z: 0}
  m_LocalScale: {x: 0, y: 0, z: 0}
  m_Children:
  - {fileID: 4739662215467777804}
  m_Father: {fileID: 0}
  m_RootOrder: 0
  m_LocalEulerAnglesHint: {x: 0, y: 0, z: 0}
  m_AnchorMin: {x: 0, y: 0}
  m_AnchorMax: {x: 0, y: 0}
  m_AnchoredPosition: {x: 0, y: 0}
  m_SizeDelta: {x: 0, y: 0}
  m_Pivot: {x: 0, y: 0}
--- !u!223 &141787852591848547
Canvas:
  m_ObjectHideFlags: 0
  m_CorrespondingSourceObject: {fileID: 0}
  m_PrefabInstance: {fileID: 0}
  m_PrefabAsset: {fileID: 0}
  m_GameObject: {fileID: 1174467424321542472}
  m_Enabled: 1
  serializedVersion: 3
  m_RenderMode: 0
  m_Camera: {fileID: 0}
  m_PlaneDistance: 100
  m_PixelPerfect: 0
  m_ReceivesEvents: 1
  m_OverrideSorting: 0
  m_OverridePixelPerfect: 0
  m_SortingBucketNormalizedSize: 0
  m_AdditionalShaderChannelsFlag: 25
  m_SortingLayerID: 0
  m_SortingOrder: 0
  m_TargetDisplay: 0
--- !u!114 &4545337096446719941
MonoBehaviour:
  m_ObjectHideFlags: 0
  m_CorrespondingSourceObject: {fileID: 0}
  m_PrefabInstance: {fileID: 0}
  m_PrefabAsset: {fileID: 0}
  m_GameObject: {fileID: 1174467424321542472}
  m_Enabled: 1
  m_EditorHideFlags: 0
  m_Script: {fileID: 11500000, guid: 0cd44c1031e13a943bb63640046fad76, type: 3}
  m_Name: 
  m_EditorClassIdentifier: 
  m_UiScaleMode: 0
  m_ReferencePixelsPerUnit: 100
  m_ScaleFactor: 1
  m_ReferenceResolution: {x: 800, y: 600}
  m_ScreenMatchMode: 0
  m_MatchWidthOrHeight: 0
  m_PhysicalUnit: 3
  m_FallbackScreenDPI: 96
  m_DefaultSpriteDPI: 96
  m_DynamicPixelsPerUnit: 1
--- !u!114 &8542580898551841383
MonoBehaviour:
  m_ObjectHideFlags: 0
  m_CorrespondingSourceObject: {fileID: 0}
  m_PrefabInstance: {fileID: 0}
  m_PrefabAsset: {fileID: 0}
  m_GameObject: {fileID: 1174467424321542472}
  m_Enabled: 1
  m_EditorHideFlags: 0
  m_Script: {fileID: 11500000, guid: dc42784cf147c0c48a680349fa168899, type: 3}
  m_Name: 
  m_EditorClassIdentifier: 
  m_IgnoreReversedGraphics: 1
  m_BlockingObjects: 0
  m_BlockingMask:
    serializedVersion: 2
    m_Bits: 4294967295
--- !u!114 &6210283819507096101
MonoBehaviour:
  m_ObjectHideFlags: 0
  m_CorrespondingSourceObject: {fileID: 0}
  m_PrefabInstance: {fileID: 0}
  m_PrefabAsset: {fileID: 0}
  m_GameObject: {fileID: 1174467424321542472}
  m_Enabled: 1
  m_EditorHideFlags: 0
  m_Script: {fileID: 11500000, guid: 57b4322c0a969614ba38f25d8b7ab68b, type: 3}
  m_Name: 
  m_EditorClassIdentifier: 
--- !u!1001 &5376065618910116184
PrefabInstance:
  m_ObjectHideFlags: 0
  serializedVersion: 2
  m_Modification:
    m_TransformParent: {fileID: 6927812678107794867}
    m_Modifications:
    - target: {fileID: 8640058768676195530, guid: df565610158ceae4484ea112bd5ff46c,
        type: 3}
      propertyPath: m_Name
      value: btn_Menu
      objectReference: {fileID: 0}
    - target: {fileID: 818870760358528596, guid: df565610158ceae4484ea112bd5ff46c,
        type: 3}
      propertyPath: m_LocalPosition.x
      value: 0
      objectReference: {fileID: 0}
    - target: {fileID: 818870760358528596, guid: df565610158ceae4484ea112bd5ff46c,
        type: 3}
      propertyPath: m_LocalPosition.y
      value: 0
      objectReference: {fileID: 0}
    - target: {fileID: 818870760358528596, guid: df565610158ceae4484ea112bd5ff46c,
        type: 3}
      propertyPath: m_LocalPosition.z
      value: 0
      objectReference: {fileID: 0}
    - target: {fileID: 818870760358528596, guid: df565610158ceae4484ea112bd5ff46c,
        type: 3}
      propertyPath: m_LocalRotation.x
      value: 0
      objectReference: {fileID: 0}
    - target: {fileID: 818870760358528596, guid: df565610158ceae4484ea112bd5ff46c,
        type: 3}
      propertyPath: m_LocalRotation.y
      value: 0
      objectReference: {fileID: 0}
    - target: {fileID: 818870760358528596, guid: df565610158ceae4484ea112bd5ff46c,
        type: 3}
      propertyPath: m_LocalRotation.z
      value: 0
      objectReference: {fileID: 0}
    - target: {fileID: 818870760358528596, guid: df565610158ceae4484ea112bd5ff46c,
        type: 3}
      propertyPath: m_LocalRotation.w
      value: 1
      objectReference: {fileID: 0}
    - target: {fileID: 818870760358528596, guid: df565610158ceae4484ea112bd5ff46c,
        type: 3}
      propertyPath: m_RootOrder
      value: 0
      objectReference: {fileID: 0}
    - target: {fileID: 818870760358528596, guid: df565610158ceae4484ea112bd5ff46c,
        type: 3}
      propertyPath: m_LocalEulerAnglesHint.x
      value: 0
      objectReference: {fileID: 0}
    - target: {fileID: 818870760358528596, guid: df565610158ceae4484ea112bd5ff46c,
        type: 3}
      propertyPath: m_LocalEulerAnglesHint.y
      value: 0
      objectReference: {fileID: 0}
    - target: {fileID: 818870760358528596, guid: df565610158ceae4484ea112bd5ff46c,
        type: 3}
      propertyPath: m_LocalEulerAnglesHint.z
      value: 0
      objectReference: {fileID: 0}
    - target: {fileID: 818870760358528596, guid: df565610158ceae4484ea112bd5ff46c,
        type: 3}
      propertyPath: m_AnchoredPosition.x
      value: -527
      objectReference: {fileID: 0}
    - target: {fileID: 818870760358528596, guid: df565610158ceae4484ea112bd5ff46c,
        type: 3}
      propertyPath: m_AnchoredPosition.y
      value: -288
      objectReference: {fileID: 0}
    - target: {fileID: 818870760358528596, guid: df565610158ceae4484ea112bd5ff46c,
        type: 3}
      propertyPath: m_SizeDelta.x
      value: 160
      objectReference: {fileID: 0}
    - target: {fileID: 818870760358528596, guid: df565610158ceae4484ea112bd5ff46c,
        type: 3}
      propertyPath: m_SizeDelta.y
      value: 62.3
      objectReference: {fileID: 0}
    - target: {fileID: 818870760358528596, guid: df565610158ceae4484ea112bd5ff46c,
        type: 3}
      propertyPath: m_AnchorMin.x
      value: 0.5
      objectReference: {fileID: 0}
    - target: {fileID: 818870760358528596, guid: df565610158ceae4484ea112bd5ff46c,
        type: 3}
      propertyPath: m_AnchorMin.y
      value: 0.5
      objectReference: {fileID: 0}
    - target: {fileID: 818870760358528596, guid: df565610158ceae4484ea112bd5ff46c,
        type: 3}
      propertyPath: m_AnchorMax.x
      value: 0.5
      objectReference: {fileID: 0}
    - target: {fileID: 818870760358528596, guid: df565610158ceae4484ea112bd5ff46c,
        type: 3}
      propertyPath: m_AnchorMax.y
      value: 0.5
      objectReference: {fileID: 0}
    - target: {fileID: 818870760358528596, guid: df565610158ceae4484ea112bd5ff46c,
        type: 3}
      propertyPath: m_Pivot.x
      value: 0.5
      objectReference: {fileID: 0}
    - target: {fileID: 818870760358528596, guid: df565610158ceae4484ea112bd5ff46c,
        type: 3}
      propertyPath: m_Pivot.y
      value: 0.5
      objectReference: {fileID: 0}
    - target: {fileID: 813937278741012983, guid: df565610158ceae4484ea112bd5ff46c,
        type: 3}
      propertyPath: m_OnClick.m_PersistentCalls.m_Calls.Array.size
      value: 1
      objectReference: {fileID: 0}
    - target: {fileID: 813937278741012983, guid: df565610158ceae4484ea112bd5ff46c,
        type: 3}
      propertyPath: m_OnClick.m_PersistentCalls.m_Calls.Array.data[0].m_Target
      value: 
      objectReference: {fileID: 6210283819507096101}
    - target: {fileID: 813937278741012983, guid: df565610158ceae4484ea112bd5ff46c,
        type: 3}
      propertyPath: m_OnClick.m_PersistentCalls.m_Calls.Array.data[0].m_MethodName
      value: LoadMainMenu
      objectReference: {fileID: 0}
    - target: {fileID: 813937278741012983, guid: df565610158ceae4484ea112bd5ff46c,
        type: 3}
      propertyPath: m_OnClick.m_PersistentCalls.m_Calls.Array.data[0].m_Mode
      value: 1
      objectReference: {fileID: 0}
    - target: {fileID: 813937278741012983, guid: df565610158ceae4484ea112bd5ff46c,
        type: 3}
      propertyPath: m_OnClick.m_PersistentCalls.m_Calls.Array.data[0].m_Arguments.m_ObjectArgumentAssemblyTypeName
      value: UnityEngine.Object, UnityEngine
      objectReference: {fileID: 0}
    - target: {fileID: 813937278741012983, guid: df565610158ceae4484ea112bd5ff46c,
        type: 3}
      propertyPath: m_OnClick.m_PersistentCalls.m_Calls.Array.data[0].m_CallState
      value: 2
      objectReference: {fileID: 0}
    - target: {fileID: 2315827577278275182, guid: df565610158ceae4484ea112bd5ff46c,
        type: 3}
      propertyPath: m_text
      value: Menu
      objectReference: {fileID: 0}
    - target: {fileID: 2315827577278275182, guid: df565610158ceae4484ea112bd5ff46c,
        type: 3}
      propertyPath: m_textInfo.characterCount
      value: 4
      objectReference: {fileID: 0}
    m_RemovedComponents: []
  m_SourcePrefab: {fileID: 100100000, guid: df565610158ceae4484ea112bd5ff46c, type: 3}
--- !u!224 &4739662215467777804 stripped
RectTransform:
  m_CorrespondingSourceObject: {fileID: 818870760358528596, guid: df565610158ceae4484ea112bd5ff46c,
    type: 3}
  m_PrefabInstance: {fileID: 5376065618910116184}
  m_PrefabAsset: {fileID: 0}
